\textit{@article{shapley1953value,
  title={A value for n-person games},
  author={Shapley, Lloyd S},
  journal={Contributions to the Theory of Games},
  volume={2},
  number={28},
  pages={307--317},
  year={1953}
}
@article{mancuso2014not,
  title={Not all madams have a central role: analysis of a Nigerian sex trafficking network},
  author={Mancuso, Marina},
  journal={Trends in Organized Crime},
  volume={17},
  number={1-2},
  pages={66--88},
  year={2014},
  publisher={Springer}
}
@book{morselli2009inside,
  title={Inside criminal networks},
  author={Morselli, Carlo},
  volume={8},
  year={2009},
  publisher={Springer}
}
@article{olagbegi2006human,
  title={Human trafficking in Nigeria: Root causes and recommendations},
  author={Olagbegi, Bisi Olateru and Aminu, LS and Akiode, BA and Zacharia, Y and Ezekwem, U and Menkiti, MC},
  journal={Policy Paper Poverty Series},
  volume={14},
  number={2},
  pages={11--69},
  year={2006}
}
@article{husslage2015ranking,
title = {Ranking terrorists in networks: A sensitivity analysis of Al Qaedaâ€™s 9/11 attack}, 
author = {Husslage, Bart and Borm, Peter and Burg, Twan and Hamers, Herbert and Lindelauf, Roy}, 
journal = {Social Networks}, 
volume = {42}, 
pages = {1--7}, 
year = {2015}
}
@article{campen2018new, 
    title = {A new approximation method for the Shapley value applied to the WTC 9/11 terrorist attack}, 
    author ={Van Campen, Tjeerd and Hamers, Herbert and Husslage, Bart and Lindelauf, Roy}, 
    journal ={Social Network Analysis and Mining}, 
    volume ={8}, 
    number = {1}, 
    year = {2018}
}
@article{borm2001operations,
  title={Operations research games: A survey},
  author={Borm, Peter and Hamers, Herbert and Hendrickx, Ruud},
  journal={Top},
  volume={9},
  number={2},
  pages={139},
  year={2001},
  publisher={Springer}
}
@book{wasserman1994social, 
title = {Social network analysis, methods and applications}, 
author = {Wasserman, S. and Faust, K.}, 
year = {1994}, 
publisher = {Cambridge University Press}
}
@article{lindelauf2011game, 
title = {Game Theoretic Centrality Analysis of Terrorist Networks: The Cases of Jemaah Islamiyah and Al Qaeda}, 
author = {Lindelauf, R. and Hamers, H and Husslage, B.}, 
journal = {CentER Discussion Paper},
volume = {2011-107}, 
year = {2011}
}
@techreport{Rossum:1995:PRM:869369,
 author = {Rossum, Guido},
 title = {Python Reference Manual},
 year = {1995},
 source = {http://www.ncstrl.org:8900/ncstrl/servlet/search?formname=detail\&id=oai%3Ancstrlh%3Aercim_cwi%3Aercim.cwi%2F%2FCS-R9525},
 publisher = {CWI (Centre for Mathematics and Computer Science)},
 address = {Amsterdam, The Netherlands, The Netherlands},
} 

@conference{Kluyver:2016aa,
	Author = {Thomas Kluyver and Benjamin Ragan-Kelley and Fernando P{\'e}rez and Brian Granger and Matthias Bussonnier and Jonathan Frederic and Kyle Kelley and Jessica Hamrick and Jason Grout and Sylvain Corlay and Paul Ivanov and Dami{\'a}n Avila and Safia Abdalla and Carol Willing},
	Booktitle = {Positioning and Power in Academic Publishing: Players, Agents and Agendas},
	Editor = {F. Loizides and B. Schmidt},
	Organization = {IOS Press},
	Pages = {87 - 90},
	Title = {Jupyter Notebooks -- a publishing format for reproducible computational workflows},
	Year = {2016}}
	
@Misc{numpy,
  author =    {Travis Oliphant},
  title =     {{NumPy}: A guide to {NumPy}},
  year =      {2006},
  howpublished = {USA: Trelgol Publishing},
  url = "http://www.numpy.org/",
  note = {[Online; accessed <today>]}
 }
 @misc{team2014networkx,
  added-at = {2015-07-24T17:45:30.000+0200},
  author = {{NetworkX developer team}},
  biburl = {https://www.bibsonomy.org/bibtex/249c5987d546bb4818b9e5c18334567d7/l.sz.},
  interhash = {c13afb19c4d0cd47b20911ea247e8ea8},
  intrahash = {49c5987d546bb4818b9e5c18334567d7},
  keywords = {software},
  timestamp = {2017-03-29T14:43:14.000+0200},
  title = {NetworkX},
  url = {https://networkx.github.io/},
  year = 2014
}

@Article{Hunter:2007,
  Author    = {Hunter, J. D.},
  Title     = {Matplotlib: A 2D graphics environment},
  Journal   = {Computing in Science \& Engineering},
  Volume    = {9},
  Number    = {3},
  Pages     = {90--95},
  abstract  = {Matplotlib is a 2D graphics package used for Python for
  application development, interactive scripting, and publication-quality
  image generation across user interfaces and operating systems.},
  publisher = {IEEE COMPUTER SOC},
  doi       = {10.1109/MCSE.2007.55},
  year      = 2007
}